@article{balemans1992assessment,
  title  = {Assessment of criteria for energetic effectiveness of greenhouse screens.},
  author = {Balemans, LJ},
  year   = {1992}
}

@article{baptista2007modelling,
  title  = {Modelling the climate in unheated tomato greenhouses and predicting Botrytis cinerea infection},
  author = {Baptista, F{\'a}tima},
  year   = {2007}
}

@book{sibirsky1975topology,
  title     = {Introduction to topological dynamics},
  author    = {Sibirsky, Konstantin Sergeevich},
  year      = {1975},
  publisher = {Noordhoff International Publishing},
  address   = {Leiden}
}

@phdthesis{stanghellini1987transpiration,
  title  = {Transpiration of greenhouse crops: an aid to climate management},
  author = {Stanghellini, Cecilia},
  year   = {1987},
  school = {IMAG}
}

@booklet{tim_calculator_nodate,
  title  = {Calculator for atmospheric moisture},
  author = {Tim, Padfield},
  url    = {https://conservationphysics.org/atmcalc/atmoclc2.pdf}
}

@book{vanthoor2011model,
  title  = {A model-based greenhouse design method},
  author = {Vanthoor, Bram HE},
  year   = {2011}
}

@article{Kjellsson2015Energy,
  title  = {The Energy-Water Nexus: Spatially-Resolved Analysis of the Potential for Desalinating Brackish Groundwater by Use of Solar Energy.},
  author = {Jill B. Kjellsson},
  year   = {2015}
}